@inproceedings{Duchi2011AdaptiveSM,
title={Adaptive Subgradient Methods for Online Learning and Stochastic Optimization},
author={John C. Duchi and Elad Hazan and Y. Singer},
booktitle={J. Mach. Learn. Res.},
year={2011}
}
@article{Kingma2015AdamAM,
title={Adam: A Method for Stochastic Optimization},
author={Diederik P. Kingma and Jimmy Ba},
journal={ICLR},
year={2015},
volume={abs/1412.6980}
}
@inproceedings{Dozat2016IncorporatingNM,
title={Incorporating Nesterov Momentum into Adam},
author={Timothy Dozat},
year={2016}
}
@article{Zhang2017NormalizedDA,
title={Normalized Direction-preserving Adam},
author={Z. Zhang and L. Ma and Z. Li and C. Wu},
journal={ArXiv},
year={2017},
volume={abs/1709.04546}
}
@article{Reddi2018OnTC,
title={On the Convergence of Adam and Beyond},
author={S. Reddi and S. Kale and S. Kumar},
journal={ArXiv},
year={2018},
volume={abs/1904.09237}
}
@article{Tieleman2012RMSProp,
title={Lecture 6.5 -  RMSProp},
author={Tieleman, T. and Hinton, G.},
journal={COURSERA: Neural Networks for Machine Learning},
year={2012}
}
@book{Goodfellow-et-al-2016,
    title={Deep Learning},
    author={Ian Goodfellow and Yoshua Bengio and Aaron Courville},
    publisher={MIT Press},
    note={\url{http://www.deeplearningbook.org}},
    year={2016}
}