%%
%% WinShell 3.3.2.6
%% http://www.winshell.org/
%%

% Strings


% Preamble


% BibTeX Entries


@article{ba2013dodeepnets,
  author          = {Ba, Jimmy and Caruana, Rich},
  title           = {Do Deep Nets Really Need to be Deep?},
  journal         = {CoRR},
  volume          = {abs/1312.6184},
  year            = {2013}
}

@article{pascanu2013on,
  author          = {Pascanu, Razvan and Montufar, Guido and Bengio, Yoshua},
  title           = {On the number of response regions of deep feed forward networks with piece-wise linear activations},
  year            = {2013}
}

@inbook{mcculloch1988alogicalcalculus,
  author          = {McCulloch, Warren S. and Pitts, Walter},
  title           = {A Logical Calculus of the Ideas Immanent in Nervous Activity},
  booktitle       = {Neurocomputing: Foundations of Research},
  pages           = {15-27},
  publisher       = {MIT Press},
  year            = {1988}
}

@inproceedings{nguyen2017thelosssurface,
  title           = {The Loss Surface of Deep and Wide Neural Networks},
  author          = {Quynh Nguyen and Matthias Hein},
  booktitle       = {Proceedings of the 34th International Conference on Machine Learning},
  pages           = {2603-2612},
  year            = {2017}, 
  editor          = {Precup, Doina and Teh, Yee Whye}, 
  volume          = {70}, 
  series          = {Proceedings of Machine Learning Research}, 
  month           = {06-11 Aug}, 
  publisher       = {PMLR}
}

@article{choromanska2014thelosssurface,
  author          = {Anna Choromanska and
                     Mikael Henaff and
                     Micha{\"{e}}l Mathieu and
                     G{\'{e}}rard Ben Arous and
                     Yann LeCun},
  title           = {The Loss Surface of Multilayer Networks},
  journal         = {CoRR},
  volume          = {abs/1412.0233},
  year            = {2014}
}

@book{nielsen2015neural,
  author          = {Michael Nielsen},
  title           = {Neural Network and Deep Learning},
  publisher       = {Determination Press},
  year            = {2015}
}

@incollection{bengio2007scaling,
  author          = {Bengio, Yoshua and Lecun, Yann},
  title           = {Scaling Learning Algorithms towards AI},
  booktitle       = {Large-Scale Kernel Machines},
  publisher       = {MIT Press},
  year            = {2007}
}

@article{bengio2009learning,
  author          = {Bengio, Yoshua},
  title           = {Learning Deep Architectures for AI},
  journal         = {Foundations and Trends in Machine Learning},
  volume          = {2},
  number          = {1},
  year            = {2009},
  publisher       = {Now Publishers Inc.},
  address         = {Hanover, MA, USA},
  doi             = {10.1561/2200000006}
}

@inproceedings{li2018visualizing,
  author          = {Li, Hao and Xu, Zheng and Taylor, Gavin and Studer, Christoph and Goldstein, Tom},
  title           = {Visualizing the Loss Landscape of Neural Nets},
  booktitle       = {Advances in Neural Information Processing Systems},
  editor          = {S. Bengio and H. Wallach and H. Larochelle and K. Grauman and N. Cesa-Bianchi and R. Garnett},
  year            = {2018},
  publisher       = {Curran Associates, Inc.},
  volume          = {31}
}

@inproceedings{dauphin2014identifying,
  author          = {Dauphin, Yann N and Pascanu, Razvan and Gulcehre, Caglar and Cho, Kyunghyun and Ganguli, Surya and Bengio, Yoshua},
  title           = {Identifying and attacking the saddle point problem in high-dimensional non-convex optimization},
  booktitle       = {Advances in Neural Information Processing Systems},
  editor          = {Z. Ghahramani and M. Welling and C. Cortes and N. Lawrence and K. Q. Weinberger},
  year            = {2014},
  publisher       = {Curran Associates, Inc.},
  volume          = {27}
}

@article{kingma2014adam,
  author          = {Kingma, Diederik and Ba, Jimmy},
  year            = {2014},
  month           = {12},
  title           = {Adam: A Method for Stochastic Optimization},
  journal         = {International Conference on Learning Representations}
}

@book{goodfellow2016deeplearning,
  author          = {Ian Goodfellow and Yoshua Bengio and Aaron Courville},
  title           = {Deep Learning},
  publisher       = {MIT Press},
  year            = {2016}
}
