@article{Kingma2015AdamAM,
 title={Adam: A Method for Stochastic Optimization},
 author={Diederik P. Kingma and Jimmy Ba},
 journal={ICLR},
 year={2015},
 volume={abs/1412.6980}
}